@book{Hazay_2010_Efficient,
  title = {Efficient Secure Two-Party Protocols: Techniques and Constructions},
  author = {Hazay, Carmit and Lindell, Yehuda},
  year = {2010},
  publisher = {Springer Berlin Heidelberg},
  copyright = {Springer-Verlag Berlin Heidelberg 2010},
  language = {en}
}


